@article{Clancy201421,
title = "The cost of deterministic, adaptive, automatic algorithms: Cones, not balls ",
journal = "Journal of Complexity ",
volume = "30",
number = "1",
pages = "21 - 45",
year = "2014",
note = "",
issn = "0885-064X",
doi = "http://dx.doi.org/10.1016/j.jco.2013.09.002",
url = "http://www.sciencedirect.com/science/article/pii/S0885064X13000769",
author = "Nicholas Clancy and Yuhan Ding and Caleb Hamilton and Fred J. Hickernell and Yizhi Zhang",
keywords = "Function recovery",
keywords = "Guarantee",
keywords = "Integration",
keywords = "Quadrature "
}

@article{Gill2007603,
title = "Searching for extensible Korobov rules ",
journal = "Journal of Complexity ",
volume = "23",
number = "4–6",
pages = "603 - 613",
year = "2007",
note = "Festschrift for the 60th Birthday of Henryk Woźniakowski ",
issn = "0885-064X",
doi = "http://dx.doi.org/10.1016/j.jco.2007.01.005",
url = "http://www.sciencedirect.com/science/article/pii/S0885064X07000258",
author = "Hardeep S. Gill and Christiane Lemieux",
keywords = "Lattice sequences",
keywords = "Korobov rules",
keywords = "Highly uniform point sets "
}

@article{Sobol91,
title = {Global sensitivity indices for nonlinear mathematical models and their Monte Carlo estimates},
author = {I. M. Sobol'},
year = {2001},
journal = {Mathematics and Computers in Simulation (MATCOM)},
volume = {55},
number = {1},
pages = {271-280},
abstract = {Global sensitivity indices for rather complex mathematical models can be efficiently computed by Monte Carlo (or quasi-Monte Carlo) methods. These indices are used for estimating the influence of individual variables or groups of variables on the model output.},
keywords = {Sensitivity analysis; Monte Carlo method; Quasi-Monte Carlo method; Mathematical modelling;},
url = {http://EconPapers.repec.org/RePEc:eee:matcom:v:55:y:2001:i:1:p:271-280}
}

@article{Gilquin15,
  TITLE = {{Replication procedure for grouped Sobol' indices estimation in dependent uncertainty spaces}},
  AUTHOR = {Gilquin, Laurent and Prieur, Cl{\'e}mentine and Arnaud, Elise},
  URL = {https://hal.inria.fr/hal-01045034},
  JOURNAL = {{Information and Inference}},
  PUBLISHER = {{Oxford University Press (OUP)}},
  SERIES = {Information and Inference},
  VOLUME = {4},
  NUMBER = {4},
  PAGES = { 354-379},
  YEAR = {2015},
  MONTH = Aug,
  DOI = {10.1093/imaiai/iav010},
  KEYWORDS = {replicated designs ; dependence ; grouped Sobol' index ; sensitivity analysis ; simplex},
  PDF = {https://hal.inria.fr/hal-01045034/file/RDUCf.pdf},
  HAL_ID = {hal-01045034},
  HAL_VERSION = {v1},
}