@misc{QMCPySite,
      title={{QMCPy} {H}omepage}, 
      author={S.-C. T. Choi and F. J. Hickernell and R. Jagadeeswaran and M. J. McCourt and A. G. Sorokin},
      year={2020+},
      note= {qmcpy.org},
}
@InProceedings{QMCSoftware,
    author="Choi, Sou-Cheng T.
    and Hickernell, Fred J.
    and Jagadeeswaran, Rathinavel
    and McCourt, Michael J.
    and Sorokin, Aleksei G.",
    editor="Keller, Alexander",
    title="Quasi-Monte Carlo Software",
    booktitle="Monte Carlo and Quasi-Monte Carlo Methods",
    year="2022",
    publisher="Springer International Publishing",
    address="Cham",
    pages="23--47",
    abstract="Practitioners wishing to experience the efficiency gains from using low discrepancy sequences need correct, robust, well-written software. This article, based on our MCQMC 2020 tutorial, describes some of the better quasi-Monte Carlo (QMC) software available. We highlight the key software components required by QMC to approximate multivariate integrals or expectations of functions of vector random variables. We have combined these components in QMCPy, a Python open-source library, which we hope will draw the support of the QMC community. Here we introduce QMCPy.",
    isbn="978-3-030-98319-2"
}
@misc{QMCPy,
	Author = {Sou-Cheng T. Choi and Fred J. Hickernell and R. Jagadeeswaran and Michael J. McCourt and Aleksei G. Sorokin},
	Date-Added = {2020-04-15 15:19:14 -0500},
	Date-Modified = {2020-04-26 17:13:25 -0500},
	Title = {{QMCPy}: A {Q}uasi-{M}onte {C}arlo {P}ython Library},
	Url = {https://github.com/QMCSoftware/QMCSoftware},
	Year = {2020+},
	Bdsk-Url-1 = {https://github.com/QMCSoftware/QMCSoftware}}

@misc{DNNB,
	Author = {A. Sorokin},
	Title = {{DNNB}: {D}eep {N}eural {N}etwork {B}uilder in {P}ython},
	Url = {https://github.com/alegresor/DNNB},
	Year = {2019+},
	Bdsk-Url-1 = {https://github.com/alegresor/DNNB}}
	
@misc{GAIL,
	Author = {S.-C. T. Choi and Y. Ding and F. J. \HickernellFJ and L. Jiang and {\relax Ll}. A. {Jim\'enez Rugama} and D. Li and R. Jagadeeswaran and X. Tong and K. Zhang and Y. Zhang and X. Zhou},
	Date-Added = {2019-08-16 18:40:37 -0500},
	Date-Modified = {2019-08-16 18:40:37 -0500},
	Howpublished = {MATLAB software},
	%Pubtype = soft,
	Title = {{GAIL}: {G}uaranteed {A}utomatic {I}ntegration {L}ibrary (Versions 1.0--2.2)},
	Url = {http://gailgithub.github.io/GAIL_Dev/},
	Year = {{2013--2017}},
	Bdsk-Url-1 = {http://gailgithub.github.io/GAIL_Dev/}}

@misc{MPS,
    title={Application of quasi-Monte Carlo methods to elliptic PDEs with random diffusion coefficients - a survey of analysis and implementation},
    author={Frances Y. Kuo and Dirk Nuyens},
    year={2016},
    eprint={1606.06613},
    archivePrefix={arXiv},
    primaryClass={math.NA}}

@Manual{QRNG,
    title = {qrng: (Randomized) Quasi-Random Number Generators},
    author = {Marius Hofert and Christiane Lemieux},
    year = {2019},
    note = {R package version 0.0-7},
    url = {https://CRAN.R-project.org/package=qrng}}

@misc{owen_halton,
    title={A randomized Halton algorithm in R},
    author={Art B. Owen},
    year={2017},
    eprint={1706.02808},
    archivePrefix={arXiv},
    primaryClass={stat.CO}}
    
@book{numpy,
  author = {Travis Oliphant},
  title = {Guide to {NumPy}},
  year = {2006},
  volume = {1}, 
  publisher = {Trelgol Publishing USA},
  url = {https://ecs.wgtn.ac.nz/foswiki/pub/Support/ManualPagesAndDocumentation/numpybook.pdf}}
 
 @ARTICLE{scipy,
    author = {{Virtanen}, Pauli and {Gommers}, Ralf and {Oliphant},
    Travis E. and {Haberland}, Matt and {Reddy}, Tyler and
    {Cournapeau}, David and {Burovski}, Evgeni and {Peterson}, Pearu
    and {Weckesser}, Warren and {Bright}, Jonathan and {van der Walt},
    St{\'e}fan J.  and {Brett}, Matthew and {Wilson}, Joshua and
    {Jarrod Millman}, K.  and {Mayorov}, Nikolay and {Nelson}, Andrew
    R.~J. and {Jones}, Eric and {Kern}, Robert and {Larson}, Eric and
    {Carey}, CJ and {Polat}, {\.I}lhan and {Feng}, Yu and {Moore},
    Eric W. and {Vand erPlas}, Jake and {Laxalde}, Denis and
    {Perktold}, Josef and {Cimrman}, Robert and {Henriksen}, Ian and
    {Quintero}, E.~A. and {Harris}, Charles R and {Archibald}, Anne M.
    and {Ribeiro}, Ant{\^o}nio H. and {Pedregosa}, Fabian and
    {van Mulbregt}, Paul and {Contributors}, SciPy 1. 0},
    title = "{SciPy 1.0: Fundamental Algorithms for Scientific
          Computing in Python}",
    journal = {Nature Methods},
    year = "2020",
    volume={17},
    pages={261--272},
    adsurl = {https://rdcu.be/b08Wh},
    doi = {https://doi.org/10.1038/s41592-019-0686-2}}
      
@article{Keister,
	Author = {B. D. Keister},
	Date-Added = {2007-09-26 10:50:17 -0500},
	Date-Modified = {2014-08-27 00:50:16 +0000},
	Doi = {10.1063/1.168565},
	Journal = {Computers in Physics},
	Pages = {119-122},
	Title = {Multidimensional Quadrature Algorithms},
	Volume = 10,
	Year = 1996,
	Bdsk-File-1 = {YnBsaXN0MDDSAQIDBFxyZWxhdGl2ZVBhdGhZYWxpYXNEYXRhXxBiLi4vLi4vLi4vLi4vLi4vQXJ0aWNsZXNfVGFsa3MvUHJlcHJpbnRzOlJlcHJpbnRzL0gtTSBSZXByaW50cy9CREtlaXN0ZXIvS2Vpc3Rlck11bHRkaW1JbnRlZ3JhbC5wZGZPEQHqAAAAAAHqAAIAAAxNYWNpbnRvc2ggSEQAAAAAAAAAAAAAAAAAAAAAAAAAQkQAAf////8aS2Vpc3Rlck11bHRkaW1JbnRlZ3JhbC5wZGYAAAAAAAAAAAAAAAAAAAAAAAAAAAAAAAAAAAAAAAAAAAAAAAAA/////wAAAAAAAAAAAAAAAAAFAAUAAAogY3UAAAAAAAAAAAAAAAAACUJES2Vpc3RlcgAAAgBrLzpVc2VyczpmcmVkamhpY2tlcm5lbGw6QXJ0aWNsZXNfVGFsa3M6UHJlcHJpbnRzL1JlcHJpbnRzOkgtTSBSZXByaW50czpCREtlaXN0ZXI6S2Vpc3Rlck11bHRkaW1JbnRlZ3JhbC5wZGYAAA4ANgAaAEsAZQBpAHMAdABlAHIATQB1AGwAdABkAGkAbQBJAG4AdABlAGcAcgBhAGwALgBwAGQAZgAPABoADABNAGEAYwBpAG4AdABvAHMAaAAgAEgARAASAGlVc2Vycy9mcmVkamhpY2tlcm5lbGwvQXJ0aWNsZXNfVGFsa3MvUHJlcHJpbnRzOlJlcHJpbnRzL0gtTSBSZXByaW50cy9CREtlaXN0ZXIvS2Vpc3Rlck11bHRkaW1JbnRlZ3JhbC5wZGYAABMAAS8AABUAAgAW//8AAAAIAA0AGgAkAIkAAAAAAAACAQAAAAAAAAAFAAAAAAAAAAAAAAAAAAACdw==},
	Bdsk-Url-1 = {http://dx.doi.org/10.1063/1.168565}}

@article{mlmc_milstein,
    author = {Giles, Mike},
    year = {2008},
    month = {01},
    pages = {343-358},
    title = {Improved Multilevel Monte Carlo Convergence using the Milstein Scheme},
    journal = {Monte Carlo and Quasi-Monte Carlo Methods 2006},
    doi = {10.1007/978-3-540-74496-2_20}}

@misc{cubmcg,
    title={Guaranteed Conservative Fixed Width Confidence Intervals Via Monte Carlo Sampling},
    author={Fred J. Hickernell and Lan Jiang and Yuewei Liu and Art Owen},
    year={2012},
    eprint={1208.4318},
    archivePrefix={arXiv},
    primaryClass={math.ST}}

@article{cubmlmc,
    author = {Giles, Michael},
    year = {2008},
    month = {06},
    pages = {607-617},
    title = {Multilevel Monte Carlo Path Simulation},
    volume = {56},
    journal = {Operations Research},
    doi = {10.1287/opre.1070.0496}}

@article{cubmlqmc,
  title={Multilevel quasi-Monte Carlo path simulation},
  author={Giles, Michael B and Waterhouse, Benjamin J},
  journal={Advanced Financial Modelling, Radon Series on Computational and Applied Mathematics},
  volume={8},
  pages={165--181},
  year={2009},
  publisher={De Gruyter Berlin}}
 
@misc{cubqmclattice,
    title={Adaptive Multidimensional Integration Based on Rank-1 Lattices},
    author={Lluís Antoni {Jim\'enez Rugama} and Fred J. Hickernell},
    year={2014},
    eprint={1411.1966},
    archivePrefix={arXiv},
    primaryClass={math.NA}}

@misc{cubqmcsobol,
    title={Reliable Adaptive Cubature Using Digital Sequences},
    author={Fred J. Hickernell and Lluís Antoni {Jim\'enez Rugama}},
    year={2014},
    eprint={1410.8615},
    archivePrefix={arXiv},
    primaryClass={math.NA}}

@incollection{adaptive_qmc,
  title={Adaptive quasi-Monte Carlo methods for cubature},
  author={Hickernell, Fred J and Jim{\'e}nez Rugama, Llu{\'\i}s Antoni and Li, Da},
  booktitle={Contemporary Computational Mathematics-A Celebration of the 80th Birthday of Ian Sloan},
  pages={597--619},
  year={2018},
  publisher={Springer}
}

@article{cubqmcbayeslattice,
   title={Fast automatic Bayesian cubature using lattice sampling},
   volume={29},
   ISSN={1573-1375},
   url={http://dx.doi.org/10.1007/s11222-019-09895-9},
   DOI={10.1007/s11222-019-09895-9},
   number={6},
   journal={Statistics and Computing},
   publisher={Springer Science and Business Media LLC},
   author={Rathinavel, Jagadeeswaran, and Hickernell, Fred J.},
   year={2019},
   month={Sep},
   pages={1215–1229}
}

@phdthesis{cubqmcbayes_thesis,
	author  = {Jagadeeswaran Rathinavel},
	school  = {Illinois Institute of Technology, Chicago},
	title   = {{F}ast automatic {B}ayesian cubature using matching kernels and designs},
	type    = {PhD Thesis},
	year    = {Dec 2019},
	url  = {www.math.iit.edu}
}

@incollection{pytorch,
    title = {PyTorch: An Imperative Style, High-Performance Deep Learning Library},
    author = {Paszke, Adam and Gross, Sam and Massa, Francisco and Lerer, Adam and Bradbury, James and Chanan, Gregory and Killeen, Trevor and Lin, Zeming and Gimelshein, Natalia and Antiga, Luca and Desmaison, Alban and Kopf, Andreas and Yang, Edward and DeVito, Zachary and Raison, Martin and Tejani, Alykhan and Chilamkurthy, Sasank and Steiner, Benoit and Fang, Lu and Bai, Junjie and Chintala, Soumith},
    booktitle = {Advances in Neural Information Processing Systems 32},
    editor = {H. Wallach and H. Larochelle and A. Beygelzimer and F. d\textquotesingle Alch\'{e}-Buc and E. Fox and R. Garnett},
    pages = {8024--8035},
    year = {2019},
    publisher = {Curran Associates, Inc.},
    url = {http://papers.neurips.cc/paper/9015-pytorch-an-imperative-style-high-performance-deep-learning-library.pdf}}
    
@article{latticeBuilder,
    author = {L’ecuyer, Pierre and Munger, David},
    title = {Algorithm 958: Lattice Builder: A General Software Tool for Constructing Rank-1 Lattice Rules},
    year = {2016},
    issue_date = {June 2016},
    publisher = {Association for Computing Machinery},
    address = {New York, NY, USA},
    volume = {42},
    number = {2},
    issn = {0098-3500},
    url = {https://doi.org/10.1145/2754929},
    doi = {10.1145/2754929},
    journal = {ACM Trans. Math. Softw.},
    month = may,
    articleno = {15},
    numpages = {30},
    keywords = {figures of merit, multidimensional integration, CBC construction, quasi-Monte Carlo, Lattice rules}}
    
@article{kuma,
    title = {A generalized probability density function for double-bounded random processes},
    journal = {Journal of Hydrology},
    volume = {46},
    number = {1},
    pages = {79-88},
    year = {1980},
    issn = {0022-1694},
    doi = {https://doi.org/10.1016/0022-1694(80)90036-0},
    url = {https://www.sciencedirect.com/science/article/pii/0022169480900360},
    author = {P. Kumaraswamy},
    abstract = {The author developed in 1976 the sinepower probability density function (SP-PDF) to fit up random processes which are bounded at the lower and upper ends, and which has a mode occurring between these two bounds. This latter condition is now relaxed and a generalized PDF entitled double bounded probability density function (DB-PDF) is developed here. Methods for the application to practical problems of parameter estimation and to computer simulation of random variables are explained by a numerical example.}}
    
@book{mcbook,
   author = {Art B. Owen},
   year = 2018,
   title = {Monte Carlo theory, methods and examples}
}

@article{reliable_sobol_indices_approx,
  TITLE = {{Reliable error estimation for Sobol' indices}},
  AUTHOR = {Jim{\'e}nez Rugama, Llu{\'i}s  Antoni  and Gilquin, Laurent},
  URL = {https://hal.inria.fr/hal-01358067},
  JOURNAL = {{Statistics and Computing}},
  PUBLISHER = {{Springer Verlag (Germany)}},
  VOLUME = {28},
  NUMBER = {4},
  PAGES = {725--738},
  YEAR = {2018},
  MONTH = Jul,
  DOI = {10.1007/s11222-017-9759-1},
  KEYWORDS = {error bound ; Sobol' indices ; Walsh coefficients ; sequential procedure ; Sobol' sequences},
  PDF = {https://hal.inria.fr/hal-01358067v2/file/Manuscript.pdf},
  HAL_ID = {hal-01358067},
  HAL_VERSION = {v2},
}

@article{replicated_designs_sobol_seq,
    title = {Iterative construction of replicated designs based on Sobol' sequences},
    journal = {Comptes Rendus Mathematique},
    volume = {355},
    number = {1},
    pages = {10-14},
    year = {2017},
    issn = {1631-073X},
    doi = {https://doi.org/10.1016/j.crma.2016.11.013},
    url = {https://www.sciencedirect.com/science/article/pii/S1631073X16302576},
    author = {Laurent Gilquin and Lluís Antoni {Jiménez Rugama} and Élise Arnaud and Fred J. Hickernell and Hervé Monod and Clémentine Prieur},
    abstract = {In the perspective of estimating main effects of model inputs, two approaches are studied to iteratively construct replicated designs based on Sobol' sequences. Space-filling properties of the resulting designs are studied based on two criteria.
    Résumé
    Dans l'objectif d'estimer les effets principaux des paramètres d'un modèle, nous proposons d'étudier deux approches pour construire itérativement des plans répliqués à partir de séquences de Sobol'. Les propriétés de remplissement de l'espace des plans construits sont étudiées sur la base de deux critères.}
    }

@misc{qmc4pde_preprint,
  doi = {10.48550/ARXIV.1606.06613},
  url = {https://arxiv.org/abs/1606.06613},
  author = {Kuo, Frances Y. and Nuyens, Dirk},
  keywords = {Numerical Analysis (math.NA), FOS: Mathematics, FOS: Mathematics},
  title = {Application of quasi-Monte Carlo methods to elliptic PDEs with random diffusion coefficients - a survey of analysis and implementation},
  publisher = {arXiv},
  year = {2016},
  copyright = {arXiv.org perpetual, non-exclusive license}
}

@misc{bo_tutorial_frazier,
  doi = {10.48550/ARXIV.1807.02811},
  url = {https://arxiv.org/abs/1807.02811},
  author = {Frazier, Peter I.},
  keywords = {Machine Learning (stat.ML), Machine Learning (cs.LG), Optimization and Control (math.OC), FOS: Computer and information sciences, FOS: Computer and information sciences, FOS: Mathematics, FOS: Mathematics},
  title = {A Tutorial on Bayesian Optimization},
  publisher = {arXiv},
  year = {2018},
  copyright = {arXiv.org perpetual, non-exclusive license}
}

