@article{alex2008comparison,
  title={Comparison of some efficient methods to evaluate the main effect of computer model factors},
  author={Alex Mara, Thierry and Rakoto Joseph, Onimihamina},
  journal={Journal of Statistical Computation and Simulation},
  volume={78},
  number={2},
  pages={167--178},
  year={2008},
  publisher={Taylor \& Francis}
}

@article{tissot2015randomized,
  title={A randomized orthogonal array-based procedure for the estimation of first-and second-order Sobol'indices},
  author={Tissot, J-Y and Prieur, Cl{\'e}mentine},
  journal={Journal of Statistical Computation and Simulation},
  volume={85},
  number={7},
  pages={1358--1381},
  year={2015},
  publisher={Taylor \& Francis}
}

@inproceedings{ishigami1990importance,
  title={An importance quantification technique in uncertainty analysis for computer models},
  author={Ishigami, Tsutomu and Homma, Toshimitsu},
  booktitle={[1990] Proceedings. First International Symposium on Uncertainty Modeling and Analysis},
  pages={398--403},
  year={1990},
  organization={IEEE}
}

@article{scikit-learn,
 title={Scikit-learn: Machine Learning in {P}ython},
 author={Pedregosa, F. and Varoquaux, G. and Gramfort, A. and Michel, V.
         and Thirion, B. and Grisel, O. and Blondel, M. and Prettenhofer, P.
         and Weiss, R. and Dubourg, V. and Vanderplas, J. and Passos, A. and
         Cournapeau, D. and Brucher, M. and Perrot, M. and Duchesnay, E.},
 journal={Journal of Machine Learning Research},
 volume={12},
 pages={2825--2830},
 year={2011}
}

@misc{uci_ml_repo ,
author = "Dua, Dheeru and Graff, Casey",
year = "2017",
title = "{UCI} Machine Learning Repository",
url = "http://archive.ics.uci.edu/ml",
institution = "University of California, Irvine, School of Information and Computer Sciences" }

@book{interval_analysis,
author = {Moore, Ramon E. and Kearfott, R. Baker and Cloud, Michael J.},
title = {Introduction to Interval Analysis},
publisher = {Society for Industrial and Applied Mathematics},
year = {2009},
doi = {10.1137/1.9780898717716},
address = {},
edition   = {},
URL = {https://epubs.siam.org/doi/abs/10.1137/1.9780898717716},
eprint = {https://epubs.siam.org/doi/pdf/10.1137/1.9780898717716}
}

@article{hoyt2021efficient,
  title={Efficient estimation of the ANOVA mean dimension, with an application to neural net classification},
  author={Hoyt, Christopher and Owen, Art B},
  journal={SIAM/ASA Journal on Uncertainty Quantification},
  volume={9},
  number={2},
  pages={708--730},
  year={2021},
  publisher={SIAM}
}

@article{frazier2018tutorial,
  title={A tutorial on Bayesian optimization},
  author={Frazier, Peter I},
  journal={arXiv preprint arXiv:1807.02811},
  year={2018}
}
