%% This BibTeX bibliography file was created using BibDesk.
%% http://bibdesk.sourceforge.net/

%% Created for Fred J. Hickernell at 2017-06-24 14:03:15 -0500 


%% Saved with string encoding Unicode (UTF-8) 


@preamble{"\def\Ignore#1{}"}
@preamble{"\def\notesupp#1{}"}
@preamble{"\providecommand{\HickernellFJ}{Hickernell\xspace}"}


@string{acmtomacs = {ACM Trans.\ Model.\ Comput.\ Simul.}}

@string{acmtoms = {ACM Trans.\ Math.\ Software}}

@string{annstat = {Ann.\ Stat.}}

@string{art = {\Ignore{a}Refereed Journal Articles}}

@string{book = {\Ignore{b}Book}}

@string{chap = {\Ignore{c}Refereed and/or Invited Book Chapters and Conference Papers}}

@string{cma = {Comput.\ Math.\ Appl.}}

@string{ed = {\Ignore{d}Edited Volumes}}

@string{ijnam = {Int.\ J. Numer.\ Anal.\ Model.}}

@string{jasa = {J. Amer.\ Statist.\ Assoc.}}

@string{jcam = {J. Comput.\ Appl.\ Math.}}

@string{jcgs = {J. Comput.\ Graph.\ Statist.}}

@string{jcomp = {J. Complexity}}

@string{jcp = {J. Comput.\ Phys.}}

@string{jrssb = {J. Roy.\ Statist.\ Soc.\ B}}

@string{jspi = {J. Statist.\ Plann.\ Inference}}

@string{mc = {Math.\ Comp.}}

@string{mcm = {Math.\ Comput.\ Modelling}}

@string{mm = {Monatsh.\ Math.}}

@string{nummath = {Numer.\ Math.}}

@string{oth = {\Ignore{o}Other Publications}}

@string{pnas = {Proc.\ Natl.\ Acad.\ Sci.}}

@string{prep = {\Ignore{z}Manuscripts in Preparation}}

@string{sinum = {SIAM J. Numer.\ Anal.}}

@string{sirev = {SIAM Rev.}}

@string{sisc = {SIAM J. Sci.\ Comput.}}

@string{soft = {\Ignore{f}Computer Software}}

@string{ss = {Statist.\ Sinica}}

@string{stam = {Stud.\ Appl.\ Math}}

@string{statprob = {Statist.\ Probab.\ Lett.}}

@string{sub = {\Ignore{u}Manuscripts Under Review}}


@article{Owe13,
	Acmid = {2457460},
	Address = {New York, NY, USA},
	Articleno = {11},
	Author = {Owen, Art B.},
	Doi = {10.1145/2457459.2457460},
	Issn = {1049-3301},
	Issue_Date = {May 2013},
	Journal = {ACM Trans. Model. Comput. Simul.},
	Keywords = {Analysis of variance, fixing methods, global sensitivity analysis},
	Month = may,
	Number = {2},
	Numpages = {17},
	Pages = {11:1--11:17},
	Publisher = {ACM},
	Title = {Better Estimation of Small {S}obol' Sensitivity Indices},
	Url = {http://doi.acm.org/10.1145/2457459.2457460},
	Volume = {23},
	Year = {2013},
	Bdsk-Url-1 = {http://doi.acm.org/10.1145/2457459.2457460},
	Bdsk-Url-2 = {http://dx.doi.org/10.1145/2457459.2457460}}

@article{TisPri15,
	Author = {J.-Y. Tissot and C. Prieur},
	Doi = {10.1080/00949655.2014.971799},
	Eprint = {http://dx.doi.org/10.1080/00949655.2014.971799},
	Journal = {Journal of Statistical Computation and Simulation},
	Number = {7},
	Pages = {1358-1381},
	Title = {A randomized orthogonal array-based procedure for the estimation of first- and second-order {S}obol' indices},
	Url = {http://dx.doi.org/10.1080/00949655.2014.971799},
	Volume = {85},
	Year = {2015},
	Bdsk-Url-1 = {http://dx.doi.org/10.1080/00949655.2014.971799}}

@article{KayMorUpt99,
	Author = {Michael D. McKay and John D. Morrison and Stephen C. Upton},
	Doi = {http://dx.doi.org/10.1016/S0010-4655(98)00155-6},
	Issn = {0010-4655},
	Journal = {Computer Physics Communications},
	Keywords = {Nonparametric variance decomposition},
	Number = {1},
	Pages = {44 - 51},
	Title = {Evaluating prediction uncertainty in simulation models},
	Url = {http://www.sciencedirect.com/science/article/pii/S0010465598001556},
	Volume = {117},
	Year = {1999},
	Bdsk-Url-1 = {http://www.sciencedirect.com/science/article/pii/S0010465598001556},
	Bdsk-Url-2 = {http://dx.doi.org/10.1016/S0010-4655(98)00155-6}}

@article{MarRak08,
	Author = {Thierry Alex Mara and Onimihamina Rakoto Joseph},
	Doi = {10.1080/10629360600964454},
	Eprint = {http://dx.doi.org/10.1080/10629360600964454},
	Journal = {Journal of Statistical Computation and Simulation},
	Number = {2},
	Pages = {167-178},
	Title = {Comparison of some efficient methods to evaluate the main effect of computer model factors},
	Url = {http://dx.doi.org/10.1080/10629360600964454},
	Volume = {78},
	Year = {2008},
	Bdsk-Url-1 = {http://dx.doi.org/10.1080/10629360600964454}}

@article{Hoe48,
	Author = {W.F. Hoeffding},
	Journal = {Annals of Mathematical Statistics},
	Number = {3},
	Pages = {293-325},
	Title = {A class of statistics with asymptotically normal distributions},
	Volume = {19},
	Year = {1948}}

@article{Sal02,
	Author = {Andrea Saltelli},
	Doi = {http://dx.doi.org/10.1016/S0010-4655(02)00280-1},
	Issn = {0010-4655},
	Journal = {Computer Physics Communications},
	Number = {2},
	Pages = {280 - 297},
	Title = {Making best use of model evaluations to compute sensitivity indices},
	Url = {http://www.sciencedirect.com/science/article/pii/S0010465502002801},
	Volume = {145},
	Year = {2002},
	Bdsk-Url-1 = {http://www.sciencedirect.com/science/article/pii/S0010465502002801},
	Bdsk-Url-2 = {http://dx.doi.org/10.1016/S0010-4655(02)00280-1}}

@article{GilJim16a,
	Author = {L. Gilquin and {\relax Ll}. A. {Jim\'enez Rugama} and E. Arnaud and F. J. \HickernellFJ and H. Monod and C. Prieur},
	Journal = {Comptes Rendus Mathematique},
	Note = {Submitted for publication: https://hal.inria.fr/hal-01349444/document},
	Title = {Iterative construction of replicated designs based on {S}obol' sequences},
	Year = {2016+}}

@article{bakh71,
	Author = {N.S. Bakhvalov},
	Doi = {http://dx.doi.org/10.1016/0041-5553(71)90017-6},
	Issn = {0041-5553},
	Journal = {USSR Computational Mathematics and Mathematical Physics},
	Number = {4},
	Pages = {244 - 249},
	Title = {On the optimality of linear methods for operator approximation in convex classes of functions},
	Url = {http://www.sciencedirect.com/science/article/pii/0041555371900176},
	Volume = {11},
	Year = {1971},
	Bdsk-Url-1 = {http://www.sciencedirect.com/science/article/pii/0041555371900176},
	Bdsk-Url-2 = {http://dx.doi.org/10.1016/0041-5553(71)90017-6}}
