@article{Clancy201421,
title = "The cost of deterministic, adaptive, automatic algorithms: Cones, not balls ",
journal = "Journal of Complexity ",
volume = "30",
number = "1",
pages = "21 - 45",
year = "2014",
note = "",
issn = "0885-064X",
doi = "http://dx.doi.org/10.1016/j.jco.2013.09.002",
url = "http://www.sciencedirect.com/science/article/pii/S0885064X13000769",
author = "Nicholas Clancy and Yuhan Ding and Caleb Hamilton and Fred J. Hickernell and Yizhi Zhang",
keywords = "Function recovery",
keywords = "Guarantee",
keywords = "Integration",
keywords = "Quadrature "
}

@article{Gill2007603,
title = "Searching for extensible Korobov rules ",
journal = "Journal of Complexity ",
volume = "23",
number = "4–6",
pages = "603 - 613",
year = "2007",
note = "Festschrift for the 60th Birthday of Henryk Woźniakowski ",
issn = "0885-064X",
doi = "http://dx.doi.org/10.1016/j.jco.2007.01.005",
url = "http://www.sciencedirect.com/science/article/pii/S0885064X07000258",
author = "Hardeep S. Gill and Christiane Lemieux",
keywords = "Lattice sequences",
keywords = "Korobov rules",
keywords = "Highly uniform point sets "
}

@Article{Owen2013VCG,
  author =       "Art B. Owen",
  title =        "Variance Components and Generalized {Sobol'} Indices",
  journal =      "SIAM\slash ASA Journal on Uncertainty Quantification",
  volume =       "1",
  number =       "1",
  pages =        "19--41",
  year =         "2013",
  CODEN =        "SJUQA3",
  DOI =          "http://dx.doi.org/10.1137/120876782",
  ISSN =         "2166-2525",
  bibdate =      "Sun Mar 30 10:42:01 MDT 2014",
  bibsource =    "http://www.math.utah.edu/pub/tex/bib/siamasajuncertainquantif.bib",
  acknowledgement = ack-nhfb,
  fjournal =     "SIAM\slash ASA Journal on Uncertainty Quantification",
  journal-URL =  "http://epubs.siam.org/loi/sjuqa3",
  onlinedate =   "January 2013",
}

@ARTICLE{Sobol01Global,
title = {Global sensitivity indices for nonlinear mathematical models and their Monte Carlo estimates},
author = {I.M., Sobol′},
year = {2001},
journal = {Mathematics and Computers in Simulation (MATCOM)},
volume = {55},
number = {1},
pages = {271-280},
abstract = {Global sensitivity indices for rather complex mathematical models can be efficiently computed by Monte Carlo (or quasi-Monte Carlo) methods. These indices are used for estimating the influence of individual variables or groups of variables on the model output.},
keywords = {Sensitivity analysis; Monte Carlo method; Quasi-Monte Carlo method; Mathematical modelling;},
url = {http://EconPapers.repec.org/RePEc:eee:matcom:v:55:y:2001:i:1:p:271-280}
}

